@phdthesis{ref7,
  title={表現運動・ダンス学習におけるリズム系ダンスの 「リズムの特徴を捉えて踊る」 ということに関する考察: 小学校 「サンバのリズム」 と中学校・高等学校 「ヒップホップのリズム」 に着目して},
  author={柳瀬慶子 and ヤナセケイコ},
  year={2024},
  school={Tokoha University, Tokoha University Junior College Repository}
}

@article{ref8,
  title={ストリートダンスのステップを用いた定形型ステップ学習の教育的意義と課題},
  author={内山須美子 and ウチヤマスミコ},
  journal={白鴎大学教育学部論集},
  volume={10},
  number={1},
  pages={95--126},
  year={2016}
}

@inproceedings{ref9,
  title={ストリートダンス動作の分析とダンス指導への応用 (映像表現フォーラム)},
  author={飯野友里恵 and 森谷友昭 and 高橋時市郎},
  booktitle={映像情報メディア学会技術報告 35.14},
  pages={49--52},
  year={2011},
  organization={一般社団法人 映像情報メディア学会}
}

@phdthesis{ref13,
  title={幼児・児童にもできる簡単ヒップホップダンスに関する実践報告―IPU わくわくリズムダンスの実践を通して―},
  author={高田康史},
  year={2015},
  school={International Pacific University}
}

@article{ref14,
  title={ダンス動画を用いたストリートダンス指導における伝達方法の違いが動作習得過程に及ぼす影響},
  author={天野海都 and 三浦健 and 栫ちか子},
  journal={スポーツパフォーマンス研究},
  volume={15},
  pages={176--185},
  year={2023},
  publisher={日本スポーツパフォーマンス学会}
}

@techreport{ref15,
  title={ダンス動画へのオノマトペ付与によるダンス習得促進手法},
  author={斎藤光 and 徳久弘樹 and 中村聡史 and 小松孝徳},
  year={2020},
  institution={情報処理学会}
}

@inproceedings{ref16,
  title={Automatic Dance Video Segmentation for Understanding Choreography},
  author={Endo, Koki and Tsuchida, Shuhei and Fukusato, Tsukasa and Igarashi, Takeo},
  booktitle={Proceedings of the 9th International Conference on Movement and Computing},
  pages={1--9},
  year={2024}
}

@inproceedings{ref22,
  title={YouMove: enhancing movement training with an augmented reality mirror},
  author={Anderson, Fraser and Grossman, Tovi and Matejka, Justin and Fitzmaurice, George},
  booktitle={Proceedings of the 26th annual ACM symposium on User interface software and technology},
  pages={311--320},
  year={2013}
}

@article{ref23,
  title={Openpose: Realtime multi-person 2d pose estimation using part affinity fields},
  author={Cao, Zhe and Hidalgo, Gines and Simon, Tomas and Wei, Shih-En and Sheikh, Yaser},
  journal={IEEE transactions on pattern analysis and machine intelligence},
  volume={43},
  number={1},
  pages={172--186},
  year={2019},
  publisher={IEEE}
}

@article{ref24,
  title={Blazepose: On-device real-time body pose tracking},
  author={Bazarevsky, Valentin and Grishchenko, Ivan and Raveendran, Karthik and Zhu, Tyler and Zhang, Fan and Grundmann, Matthias},
  journal={arXiv preprint arXiv:2006.10204},
  year={2020}
}

@article{ref27,
  title={SciPy 1.0: fundamental algorithms for scientific computing in Python},
  author={Virtanen, Pauli and Gommers, Ralf and Oliphant, Travis E and Haberland, Matt and Reddy, Tyler and Cournapeau, David and Burovski, Evgeni and Peterson, Pearu and Weckesser, Warren and Bright, Jonathan and others},
  journal={Nature methods},
  volume={17},
  number={3},
  pages={261--272},
  year={2020},
  publisher={Nature Publishing Group US New York}
}
